@book{baumgarte2010,
  title={Numerical Relativity: Solving Einstein's Equations on the Computer},
  author={Thomas W. Baumgarte and Stuart L. Shapiro},
  year={2010},
  publisher={Cambridge University Press},
  language={english}
}

@book{hehl1996,
  title= {Relativity and Scientific Computing: Computer Algebra, Numerics, Visualization},
  author = {F. W. Hehl and R. A. Puntigam and H. Ruder},
  year = {1996},
  publisher = {Springer},
  language = {english}
}

@book{meinel2016,
  title={Spezielle und allgemeine Relativitätstheorie für Bachelorstudenten},
  author={Reinhard Meinel},
  year={2016},
  publisher={Springer Spektrum},
  language={ngerman}
}

@book{oloff2010,
  title = {Geometrie der Raumzeit: Eine mathematische Einführung in die Relativitätstheorie},
  author = {Rainer Oloff},
  year = {2010},
  publisher = {Vieweg-Teubner},
  edition = {5},
  language = {ngerman}
}

@article{baumgarte1998,
  title={On the Numerical Integration of Einstein’s Field Equations},
  author={Thomas W. Baumgarte and Stuart L. Shapiro},
  journal={Physical Review D},
  volume={59},
  number={2},
  pages={024007},
  year={1998},
  publisher={APS},
  language = {english}
}

@article{pretorius2005evolution,
  title={Evolution of binary black-hole spacetimes},
  author={Pretorius, Frans},
  journal={Physical review letters},
  volume={95},
  number={12},
  pages={121101},
  year={2005},
  publisher={APS}
}

@online{sxs2018,
  title = {SXS Project: Simulating Extreme Spacetimes},
  year = {2018},
  month = {Juli},
  url = {https://www.black-holes.org/explore/movies},
  language = {ngerman}
}

@online{nasa2011,
  title = {Colliding Neutron Stars Create Black Hole and Gamma-ray Burst},
  year = {2011},
  month = {April},
  url = {https://www.nasa.gov/topics/universe/features/gamma-ray-engines.html#.WA4phz_VTZE},
  language = {ngerman}
}